<record><leader>00000cas a22000007a 4500</leader><controlfield tag="001">11751848</controlfield><controlfield tag="008">850301d18641925ohucr ne      0    0eng d</controlfield><datafield ind1=" " ind2=" " tag="010"><subfield code="a">sn 85038113 </subfield></datafield><datafield ind1=" " ind2=" " tag="040"><subfield code="a">NPY</subfield><subfield code="b">eng</subfield><subfield code="c">NPY</subfield><subfield code="d">NPU</subfield><subfield code="d">ONP</subfield><subfield code="d">NPV</subfield><subfield code="d">ONP</subfield><subfield code="d">OCL</subfield><subfield code="d">OCLCQ</subfield><subfield code="d">OCLCF</subfield><subfield code="d">OCLCO</subfield></datafield><datafield ind1=" " ind2=" " tag="042"><subfield code="a">msc</subfield></datafield><datafield ind1=" " ind2=" " tag="043"><subfield code="a">n-us-oh</subfield></datafield><datafield ind1="0" ind2=" " tag="130"><subfield code="a">Miami union (Troy, Ohio : 1864)</subfield></datafield><datafield ind1="1" ind2="0" tag="245"><subfield code="a">Miami union.</subfield></datafield><datafield ind1=" " ind2=" " tag="260"><subfield code="a">Troy, Ohio :</subfield><subfield code="b">J.W. Defrees,</subfield><subfield code="c">1864-1925.</subfield></datafield><datafield ind1=" " ind2=" " tag="300"><subfield code="a">v.</subfield></datafield><datafield ind1=" " ind2=" " tag="310"><subfield code="a">Semiweekly,</subfield><subfield code="b">Mar. 12, 1923-Sept. 29, 1925</subfield></datafield><datafield ind1=" " ind2=" " tag="321"><subfield code="a">Weekly,</subfield><subfield code="b">Dec. 31, 1864-Mar. 1923</subfield></datafield><datafield ind1="0" ind2=" " tag="362"><subfield code="a">Vol. 1, no. 1 (Dec. 31, 1864)-v. 60, no. 78 (Sept. 29, 1925).</subfield></datafield><datafield ind1=" " ind2="0" tag="651"><subfield code="a">Troy (Ohio)</subfield><subfield code="v">Newspapers.</subfield></datafield><datafield ind1=" " ind2="0" tag="651"><subfield code="a">Miami County (Ohio)</subfield><subfield code="v">Newspapers.</subfield></datafield><datafield ind1=" " ind2="7" tag="655"><subfield code="a">Newspapers.</subfield><subfield code="2">fast</subfield><subfield code="0">(OCoLC)fst01423814</subfield></datafield><datafield ind1=" " ind2="7" tag="651"><subfield code="a">Ohio</subfield><subfield code="z">Miami County.</subfield><subfield code="2">fast</subfield><subfield code="0">(OCoLC)fst01219648</subfield></datafield><datafield ind1=" " ind2="7" tag="651"><subfield code="a">Ohio</subfield><subfield code="z">Troy.</subfield><subfield code="2">fast</subfield><subfield code="0">(OCoLC)fst01222390</subfield></datafield><datafield ind1=" " ind2=" " tag="752"><subfield code="a">United States</subfield><subfield code="b">Ohio</subfield><subfield code="c">Miami</subfield><subfield code="d">Troy.</subfield></datafield><datafield ind1="0" ind2="0" tag="785"><subfield code="t">Miami union and feature weekly</subfield><subfield code="w">(DLC)sn 90068395</subfield></datafield></record>